@String{pub-AW = "Ad{\-d}i{\-s}on-Wes{\-l}ey"}
@String{pub-AW:adr = "Reading, MA, USA"}

@Article{knuth84,
  author =       "Donald E. Knuth",
  title =        "Literate Programming",
  journal =      "The Computer Journal",
  year =         "1984",
  number =       "2",
  volume =       "27",
  pages =        "97--111",
  month =        may,
}

@article{mason2007electrocardiographic,
  title={Electrocardiographic reference ranges derived from 79,743 ambulatory subjects},
  author={Mason, Jay W and Ramseth, Douglas J and Chanter, Dennis O and Moon, Thomas E and Goodman, Daniel B and Mendzelevski, Boaz},
  journal={Journal of electrocardiology},
  volume={40},
  number={3},
  pages={228--234},
  year={2007},
  publisher={Elsevier}
}

@article{poh2010non,
  title={Non-contact, automated cardiac pulse measurements using video imaging and blind source separation.},
  author={Poh, Ming-Zher and McDuff, Daniel J and Picard, Rosalind W},
  journal={Optics express},
  volume={18},
  number={10},
  pages={10762--10774},
  year={2010},
  publisher={Optical Society of America}
}

@article{verkruysse2008remote,
  title={Remote plethysmographic imaging using ambient light.},
  author={Verkruysse, Wim and Svaasand, Lars O and Nelson, J Stuart},
  journal={Optics express},
  volume={16},
  number={26},
  pages={21434--21445},
  year={2008},
  publisher={Optical Society of America}
}

@inproceedings{li2014remote,
  title={Remote heart rate measurement from face videos under realistic situations},
  author={Li, Xiaobai and Chen, Jie and Zhao, Guoying and Pietikainen, Matti},
  booktitle={Proceedings of the IEEE Conference on Computer Vision and Pattern Recognition},
  pages={4264--4271},
  year={2014}
}

@inproceedings{asthana2013robust,
  title={Robust discriminative response map fitting with constrained local models},
  author={Asthana, Akshay and Zafeiriou, Stefanos and Cheng, Shiyang and Pantic, Maja},
  booktitle={Proceedings of the IEEE Conference on Computer Vision and Pattern Recognition},
  pages={3444--3451},
  year={2013}
}

@article{tomasi1991detection,
  title={Detection and tracking of point features},
  author={Tomasi, Carlo and Kanade, Takeo},
  year={1991},
  publisher={School of Computer Science, Carnegie Mellon Univ. Pittsburgh}
}

@article{welch1967use,
  title={The use of fast Fourier transform for the estimation of power spectra: a method based on time averaging over short, modified periodograms},
  author={Welch, Peter},
  journal={IEEE Transactions on audio and electroacoustics},
  volume={15},
  number={2},
  pages={70--73},
  year={1967},
  publisher={IEEE}
}

@article{hertzman1937photoelectric,
  title={Photoelectric plethysmography of the fingers and toes in man},
  author={Hertzman, Alrick B},
  journal={Experimental Biology and Medicine},
  volume={37},
  number={3},
  pages={529--534},
  year={1937},
  publisher={SAGE Publications}
}

@article{shelley2001pulse,
  title={Pulse oximeter waveform: photoelectric plethysmography},
  author={Shelley, Kirk and Shelley, S},
  journal={Clinical Monitoring, Carol Lake, R. Hines, and C. Blitt, Eds.: WB Saunders Company},
  pages={420--428},
  year={2001}
}

@article{allen2007photoplethysmography,
  title={Photoplethysmography and its application in clinical physiological measurement},
  author={Allen, John},
  journal={Physiological measurement},
  volume={28},
  number={3},
  pages={R1},
  year={2007},
  publisher={IOP Publishing}
}

@article{de2013robust,
  title={Robust pulse rate from chrominance-based rPPG},
  author={de Haan, Gerard and Jeanne, Vincent},
  journal={IEEE Transactions on Biomedical Engineering},
  volume={60},
  number={10},
  pages={2878--2886},
  year={2013},
  publisher={IEEE}
}

@article{tarvainen2002advanced,
  title={An advanced detrending method with application to HRV analysis},
  author={Tarvainen, Mika P and Ranta-Aho, Perttu O and Karjalainen, Pasi A},
  journal={IEEE Transactions on Biomedical Engineering},
  volume={49},
  number={2},
  pages={172--175},
  year={2002},
  publisher={IEEE}
}

@article{kolata2001maximum,
  title={Maximum heart rate theory is challenged},
  author={Kolata, Gina},
  journal={New York Times},
  pages={04--24},
  year={2001}
}

@article{soleymani2012multimodal,
  title={A multimodal database for affect recognition and implicit tagging},
  author={Soleymani, Mohammad and Lichtenauer, Jeroen and Pun, Thierry and Pantic, Maja},
  journal={IEEE Transactions on Affective Computing},
  volume={3},
  number={1},
  pages={42--55},
  year={2012},
  publisher={IEEE}
}

@article{de2014improved,
  title={Improved motion robustness of remote-PPG by using the blood volume pulse signature},
  author={De Haan, Gerard and Van Leest, Arno},
  journal={Physiological measurement},
  volume={35},
  number={9},
  pages={1913},
  year={2014},
  publisher={IOP Publishing}
}

@article{tarassenko2014non,
  title={Non-contact video-based vital sign monitoring using ambient light and auto-regressive models},
  author={Tarassenko, L and Villarroel, M and Guazzi, A and Jorge, J and Clifton, DA and Pugh, C},
  journal={Physiological measurement},
  volume={35},
  number={5},
  pages={807},
  year={2014},
  publisher={IOP Publishing}
}

@inproceedings{tulyakov2016self,
  title={Self-adaptive matrix completion for heart rate estimation from face videos under realistic conditions},
  author={Tulyakov, Sergey and Alameda-Pineda, Xavier and Ricci, Elisa and Yin, Lijun and Cohn, Jeffrey F and Sebe, Nicu},
  booktitle={Proceedings of the IEEE Conference on Computer Vision and Pattern Recognition},
  pages={2396--2404},
  year={2016}
}

@article{hsu2002face,
  title={Face detection in color images},
  author={Hsu, Rein-Lien and Abdel-Mottaleb, Mohamed and Jain, Anil K},
  journal={IEEE transactions on pattern analysis and machine intelligence},
  volume={24},
  number={5},
  pages={696--706},
  year={2002},
  publisher={IEEE}
}

@article{king2009dlib,
  title={Dlib-ml: A machine learning toolkit},
  author={King, Davis E},
  journal={Journal of Machine Learning Research},
  volume={10},
  number={Jul},
  pages={1755--1758},
  year={2009}
}

@inproceedings{zhang2016multimodal,
  title={Multimodal spontaneous emotion corpus for human behavior analysis},
  author={Zhang, Zheng and Girard, Jeff M and Wu, Yue and Zhang, Xing and Liu, Peng and Ciftci, Umur and Canavan, Shaun and Reale, Michael and Horowitz, Andy and Yang, Huiyuan and others},
  booktitle={Proceedings of the IEEE Conference on Computer Vision and Pattern Recognition},
  pages={3438--3446},
  year={2016}
}

@inproceedings{valstar2010induced,
  title={Induced disgust, happiness and surprise: an addition to the mmi facial expression database},
  author={Valstar, Michel and Pantic, Maja},
  booktitle={Proc. 3rd Intern. Workshop on EMOTION (satellite of LREC): Corpora for Research on Emotion and Affect},
  pages={65},
  year={2010}
}

@article{douglas2007humaine,
  title={The HUMAINE database: addressing the collection and annotation of naturalistic and induced emotional data},
  author={Douglas-Cowie, Ellen and Cowie, Roddy and Sneddon, Ian and Cox, Cate and Lowry, Orla and Mcrorie, Margaret and Martin, Jean-Claude and Devillers, Laurence and Abrilian, Sarkis and Batliner, Anton and others},
  journal={Affective computing and intelligent interaction},
  pages={488--500},
  year={2007},
  publisher={Springer}
}

@article{koelstra2012deap,
  title={Deap: A database for emotion analysis; using physiological signals},
  author={Koelstra, Sander and Muhl, Christian and Soleymani, Mohammad and Lee, Jong-Seok and Yazdani, Ashkan and Ebrahimi, Touradj and Pun, Thierry and Nijholt, Anton and Patras, Ioannis},
  journal={IEEE Transactions on Affective Computing},
  volume={3},
  number={1},
  pages={18--31},
  year={2012},
  publisher={IEEE}
}




@Book{knuth86a,
  author =       "Donald E. Knuth",
  title =        "The {\TeX}book",
  volume =       "A",
  publisher =    pub-AW,
  address =      pub-AW:adr,
  year =         "1986",
  ISBN =         "0-201-13447-0",
  ISBN-13 =      "978-0-201-13447-6",
  LCCN =         "Z253.4.T47 K58 1986",
  price =        "US\$32.95",
  series =       "Computers and Typesetting",
}

@Book{lamport94,
  author =       "Leslie Lamport",
  title =        "{\LaTeX}: a Document Preparation System: User's Guide
                 and Reference Manual",
  publisher =    pub-AW,
  address =      pub-AW:adr,
  edition =      "Second",
  year =         "1994",
  ISBN =         "0-201-52983-1",
  ISBN-13 =      "978-0-201-52983-8",
  LCCN =         "Z253.4.L38L35 1994",
  note =         "Reprinted with corrections in 1996.",
}

@Book{tlc2,
  author =       "Frank Mittelbach and Michel Goossens and Johannes
                 Braams and David Carlisle",
  title =        "The {\LaTeX} Companion",
  publisher =    pub-AW,
  address =      pub-AW:adr,
  edition =      "2",
  year =         "2004",
  ISBN =         "0-201-36299-6",
  ISBN-13 =      "978-0-201-36299-2",
  LCCN =         "Z253.4.L38 G66 2004",
  price =        "US\$59.99, CAN\$86.99",
  remark =       "Authors listed as: Frank Mittelbach and Michel
                 Goossens with Johannes Braams, David Carlisle, and
                 Chris Rowley, and with contributions by Christine Detig
                 and Joachim Schrod.",
}

@Book{刘海洋2013,
  title =        "{\LaTeX}入门",
  author =       "刘海洋",
  publisher =    "电子工业出版社",
  address =      "北京",
  year =         "2013",
  language =     "zh",
}
